
@article{kim2011method,
  title={A method of risk assessment for multi-factor authentication},
  author={Kim, Jae-Jung and Hong, Seng-Phil},
  journal={Journal of Information Processing Systems},
  volume={7},
  number={1},
  year={2011},
  publisher={Korea Information Processing Society}
}

@misc{future_without_passwords,
    author = "Mark Risher - Google",
    title = "A simpler and safer future — without passwords",
    note = "[\url{https://blog.google/technology/safety-security/a-simpler-and-safer-future-without-passwords/}, 23.3.2022]"
}

@misc{forms_of_two_factor,
    author = "Chris Hoffman",
    title = "The Different Forms of Two-Factor Authentication: SMS, Autheticator Apps, and More",
    note = "[\url{https://www.howtogeek.com/232598/5-different-two-step-authentication-methods-to-secure-your-online-accounts/}, 23.3.2022]"
}

@misc{best_authenticator_apps,
    author = "Michael Muchmore",
    title = "The Best Authenticator Apps for 2022",
    note = "[\url{https://uk.pcmag.com/security/133038/the-best-authenticator-apps}, 24.3.2022]"
}

@misc{brute_force_attack,
    author = "Benjamin Scott",
    title = "Learning Password Security Jargon: Brute Force Attack",
    note = "[\url{https://nordpass.com/blog/brute-force-attack/}, 24.3.2022]"
}

@misc{Have_i_been_pwned,
    author = "Tony Hunt",
    title = "Have i been pwned?",
    note = "[\url{https://haveibeenpwned.com/}, 25.3.2022]"
}

@misc{two_factor_multi_factor_difference,
    author = "IBM",
    title = "What’s the Difference Between Two-Factor Authentication and Multi-Factor Authentication?",
    note = "[\url{https://www.helpsystems.com/resources/articles/whats-difference-between-two-factor-authentication-and-multi-factor}, 24.3.2022]"
}

@misc{google_security,
    author = "Kurt Thomass, Angelika Moscicki",
    title = "New research: How effective is basic account hygiene at preventing hijacking",
    note = "[\url{https://security.googleblog.com/2019/05/new-research-how-effective-is-basic.html}, 25.3.2022]"
}

@misc{lastpass,
    author = "Lastpass",
    title = "The Psychology of Passwords",
    note = "[\url{http://prod.cdata.app.sprinklr.com/DAM/434/LastPass_ExecutiveSummary_fina-88e8a5a2-00cb-4a09-b363-e01a45f829d6-1389898992.pdf}, 25.3.2022]"
}



@misc{2FA_SMS,
    author = "Conor Gilsenan",
    title = "SMS: The most popular and least secure 2FA method",
    note = "[\url{https://allthingsauth.com/2018/02/27/sms-the-most-popular-and-least-secure-2fa-method/}, 25.3.2022]"
}

@misc{ss7,
    author = "Wikipedia",
    title = "Signalling System No.7",
    note="[\url{https://en.wikipedia.org/wiki/Signalling_System_No._7}, 25.3.2022]"
}

@misc{TOTP,
    author = "Conor Gilsenan",
    title = "TOTP: (way) more secure than SMS, but more annoying than Push",
    note = "[\url{https://allthingsauth.com/2018/04/05/totp-way-more-secure-than-sms-but-more-annoying-than-push/},25.3.2022]"
}

@misc{NIST_800_63B,
    title = "NIST Special Publication 800-63B",
    note = "[\url{https://pages.nist.gov/800-63-3/sp800-63b.html}, 1.5.2022]"
}

@INPROCEEDINGS{biometric_authentication_systems,
  author={Dharavath, Krishna and Talukdar, F. A. and Laskar, R. H.},
  booktitle={2013 IEEE International Conference on Computational Intelligence and Computing Research}, 
  title={Study on biometric authentication systems, challenges and future trends: A review}, 
  year={2013},
  volume={},
  number={},
  doi={10.1109/ICCIC.2013.6724278}}

@misc{passive_biometrics,
    author = "Technopedia",
    title = "What is passive biometrics?",
    note = "[\url{https://www.techopedia.com/definition/32905/passive-biometrics}, 1.5.2022]"
}

@article{shdefat2018utilizing,
  title={Utilizing ECG waveform features as new biometric authentication method},
  author={Shdefat, Ahmed Younes and Joo, Moon-Il and Choi, Sung-Hoon and Hee-Cheol, Kim},
  journal={International Journal of Electrical and Computer Engineering},
  volume={8},
  number={2},
  year={2018},
  doi={10.11591/ijece.v8i2.pp658-665},
  publisher={IAES Institute of Advanced Engineering and Science}
}

@article{rittenhouse2015survey,
    author = {Rittenhouse, Robert and Chaudhry, Junaid},
    year = {2015},
    month = {01},
    title = {A Survey of Alternative Authentication Methods},
    isbn = {9789462521469},
    journal = {International Conference of Recent Advances in Computer Systems (RACS 2015)}
}



@Article{el2019survey,
AUTHOR = {El-hajj, Mohammed and Fadlallah, Ahmad and Chamoun, Maroun and Serhrouchni, Ahmed},
TITLE = {A Survey of Internet of Things (IoT) Authentication Schemes},
JOURNAL = {Sensors},
VOLUME = {19},
YEAR = {2019},
NUMBER = {5},
ARTICLE-NUMBER = {1141},
ISSN = {1424-8220},
DOI = {10.3390/s19051141}
}

@article{kpclient,
  title={Client Authorization and Secure Communication in Online Bank Transactions},
  author={Vyshali Rao, K P and Adesh, N D and Srikantan, A V},
  journal={International Journal of Scientific and Research Publications},
  publisher={Citeseer},
  year={2014}
}

@techreport{m2011totp,
  title={Totp: Time-based one-time password algorithm},
  author={M'Raihi, David and Machani, Salah and Pei, Mingliang and Rydell, Johan},
  year={2011},
  doi={10.17487/RFC6238}
  
}

@misc {nordea_tunnistautuminen,
    author="Nordea",
    title="Pankkitunnukset henkilöasiakkaille",
    note="[\url{https://www.nordea.fi/henkiloasiakkaat/palvelumme/verkko-mobiilipalvelut/pankkitunnukset.html},29.5.2022]"
}

@misc{op_tunnistautuminen,
    author="OP",
    title="Digitaaliset palvelut",
    note="[\url{https://www.op.fi/henkiloasiakkaat/digitaaliset-palvelut},29.5.2022]"
}

@misc{spankki_tunnistautuminen,
    author="S-pankki",
    title="Kirjaudu helposti verkkopalveluihin",
    note="[\url{https://www.s-pankki.fi/fi/arjen-raha-asiat/tunnistaminen/}, 29.5.2022]"
}

@misc{säästäminen_luotonkäyttö_maksutavat,
    title="Säästäminen, luotonkäyttö ja maksutavat 2021- tutkimusraportti",
    note="[\url{https://www.finanssiala.fi/julkaisut/saastaminen-luotonkaytto-ja-maksutavat-2021-tutkimusraportti/}, 26.5.2022]"
}

@misc{suomi.fi,
    title="Eri tunnistusvälineillä tunnistautuminen ",
    note="[\url{https://www.suomi.fi/ohjeet-ja-tuki/tietoa-tunnistuksesta/eri-tunnistusvalineilla-tunnistautuminen}, 26.5.2022]"
}

@misc{FINE_verkkopankkitunnukset,
    title="Turvallisuus ja tietosuoja",
    note="[\url{https://www.fine.fi/finanssitietoa/pankkiasiat/turvallisuus-ja-tietosuoja.html}, 26.5.2022]"
}

@inproceedings{lucia2019device,
  title={Device authentication schemes in IoT: A Review},
  author={Lucia, Omphulusa and Isong, Bassey and Gasela, Naison and Abu-Mahfouz, Adnan M},
  booktitle={2019 International Multidisciplinary Information Technology and Engineering Conference (IMITEC)},
  year={2019},
  organization={IEEE},
  doi={10.1109/IMITEC45504.2019.9015902}
}

@misc{google_transparency_report,
    title="Google transparency report - HTTPS encryption on the web",
    note="[\url{https://transparencyreport.google.com/https/overview?hl=en}, 2.6.2022]"
}

@misc{phishing_scams,
    title="Taking on the Next Generation of Phishing Scams",
    note="[\url{https://security.googleblog.com/2022/05/taking-on-next-generation-of-phishing.html}, 2.6.2022]"
}

@misc{top_security_practices,
    title="New research: Comparing how security experts and non-experts stay safe online",
    note="[\url{https://security.googleblog.com/2015/07/new-research-comparing-how-security.html}, 2.6.2022]"
}

@misc{nist_2fa,
    title="Back to Basics: What’s multi-factor authentication - and why should I care?.",
    note="[\url{https://www.nist.gov/blogs/cybersecurity-insights/back-basics-whats-multi-factor-authentication-and-why-should-i-care}, 2.6.2022]"
}

@Article{cryptography2010001,
AUTHOR = {Ometov, Aleksandr and Bezzateev, Sergey and Mäkitalo, Niko and Andreev, Sergey and Mikkonen, Tommi and Koucheryavy, Yevgeni},
TITLE = {Multi-Factor Authentication: A Survey},
JOURNAL = {Cryptography},
VOLUME = {2},
YEAR = {2018},
NUMBER = {1},
ARTICLE-NUMBER = {1},
ISSN = {2410-387X},
DOI = {10.3390/cryptography2010001}
}

@article{jover2020security,
  title={Security analysis of SMS as a second factor of authentication},
  author={Jover, Roger Piqueras},
  journal={Communications of the ACM},
  volume={63},
  number={12},
  year={2020},
  publisher={ACM New York, NY, USA},
  doi={10.1145/3424260}
}

@misc{SMS_2FA_HYPR,
    title="What is SMS 2FA?",
    author="HYPR",
    note="[\url{https://www.hypr.com/sms-2fa/}, 16.6.2022]"
}

@inproceedings{10.1145/3488932.3497756,
author = {Peeters, Christian and Patton, Christopher and Munyaka, Imani N. S. and Olszewski, Daniel and Shrimpton, Thomas and Traynor, Patrick},
title = {SMS OTP Security (SOS): Hardening SMS-Based Two Factor Authentication},
year = {2022},
isbn = {9781450391405},
publisher = {Association for Computing Machinery},
address = {New York, NY, USA},
doi = {10.1145/3488932.3497756},
booktitle = {Proceedings of the 2022 ACM on Asia Conference on Computer and Communications Security},
pages = {2–16},
numpages = {15},
keywords = {two-factor authentication, sms, cellular, security, authenticated key-exchange},
location = {Nagasaki, Japan},
series = {ASIA CCS '22}
}

@misc{smartphones_in_the_world,
    title="How Many Smartphones Are In The World? ",
    author="BankMyCell",
    note="[\url{https://www.bankmycell.com/blog/how-many-phones-are-in-the-world}, 16.6.2022]"
}